@inbook{author2020bookchapter,
  author    = {Author, J. K.},
  title     = {Title of chapter in the book},
  booktitle = {Title of His Published Book},
  edition   = {xth},
  publisher = {Abbrev. of Publisher},
  location  = {City of Publisher, Country if not USA},
  year      = {2020},
  chapter   = {x},
  pages     = {xxx--xxx},
}

@article{author2021journal,
  author    = {Author, J. K.},
  title     = {Name of paper},
  journaltitle = {Abbrev. Title of Periodical},
  volume    = {x},
  number    = {x},
  pages     = {xxx--xxx},
  date      = {2021-03},
}

@inproceedings{author2022conference,
  author    = {Author, J. K.},
  title     = {Title of paper},
  booktitle = {Unabbreviated Name of Conf.},
  location  = {City of Conf., Abbrev. State},
  year      = {2022},
  pages     = {xxx--xxx},
}

@online{author2023online,
  author    = {Author, J. K.},
  title     = {Title of web page},
  date      = {2023-05-12},
  url       = {http://www.../..../.../doc/text},
  note      = {[Online]},
}
